<record><leader>00000cas a22000007a 4500</leader><controlfield tag="001">21927172</controlfield><controlfield tag="008">900627c19739999mauwr ne      0    0eng d</controlfield><datafield ind1=" " ind2=" " tag="010"><subfield code="a">sn 89062375 </subfield></datafield><datafield ind1=" " ind2=" " tag="040"><subfield code="a">MGN</subfield><subfield code="b">eng</subfield><subfield code="c">MGN</subfield><subfield code="d">OCLCQ</subfield></datafield><datafield ind1=" " ind2=" " tag="042"><subfield code="a">msc</subfield></datafield><datafield ind1="0" ind2=" " tag="130"><subfield code="a">Mansfield news (Mansfield, Mass. : 1973)</subfield></datafield><datafield ind1="1" ind2="4" tag="245"><subfield code="a">The Mansfield news.</subfield></datafield><datafield ind1=" " ind2=" " tag="260"><subfield code="a">Mansfield, Mass. :</subfield><subfield code="b">Mansfield Press</subfield></datafield><datafield ind1=" " ind2=" " tag="300"><subfield code="a">v.</subfield></datafield><datafield ind1=" " ind2=" " tag="310"><subfield code="a">Weekly</subfield></datafield><datafield ind1="0" ind2=" " tag="362"><subfield code="a">101st year, no. 1 (Jan. 18, 1973)-</subfield></datafield><datafield ind1=" " ind2=" " tag="752"><subfield code="a">United States</subfield><subfield code="b">Massachusetts</subfield><subfield code="c">Bristol</subfield><subfield code="d">Mansfield.</subfield></datafield><datafield ind1="0" ind2="0" tag="780"><subfield code="t">Mansfield news and the Foxboro times</subfield><subfield code="w">(DLC)sn 89062374</subfield></datafield></record>